<collection xmlns="http://www.loc.gov/MARC21/slim">
<record>
  <leader>01811nam0a2200265 i 450 </leader>
  <controlfield tag="001">IT\ICCU\CNCE\015600</controlfield>
  <controlfield tag="005">19990722000000.0</controlfield>
  <datafield tag="012" ind1=" " ind2=" ">
    <subfield code="a">a.ra inr. a.c- siVe (7) 1586 (A)</subfield>
    <subfield code="2">fei</subfield>
  </datafield>
  <datafield tag="100" ind1=" " ind2=" ">
    <subfield code="a">19970101d1586        0itac0103    ba</subfield>
  </datafield>
  <datafield tag="101" ind1=" " ind2=" ">
    <subfield code="a">ITA</subfield>
  </datafield>
  <datafield tag="102" ind1=" " ind2=" ">
    <subfield code="a">IT</subfield>
  </datafield>
  <datafield tag="200" ind1="1" ind2=" ">
    <subfield code="a">Libro della Santissima et Immacolata Concettione, della beatissima Vergine Maria con gli ordini che s&apos;hanno da osseruare, le stationi, et indulgenze, che sono st ̉concesse da molti sommi pontefici. Alla Compagnia d&apos;essa Concettione, instituita in San Francesco di Pauia. Per esser vnita all&apos;Archiconfraternit ̉della Concettione posta nella chiesa di San Lorenzo in Damaso di Roma</subfield>
  </datafield>
  <datafield tag="210" ind1=" " ind2=" ">
    <subfield code="a">In Pauia</subfield>
    <subfield code="c">appresso Girolamo Bartoli</subfield>
    <subfield code="d">1586</subfield>
  </datafield>
  <datafield tag="215" ind1=" " ind2=" ">
    <subfield code="a">162, \4! p.</subfield>
    <subfield code="d">24ʻ</subfield>
  </datafield>
  <datafield tag="620" ind1=" " ind2=" ">
    <subfield code="a">IT</subfield>
    <subfield code="d">Pavia</subfield>
  </datafield>
  <datafield tag="710" ind1="0" ind2="2">
    <subfield code="a">Confraternita dell&apos;Immacolata Concezione in S. Francesco</subfield>
    <subfield code="c"> &lt;Pavia&gt;</subfield>
    <subfield code="3">IT\ICCU\CNCT\004124</subfield>
  </datafield>
  <datafield tag="712" ind1="0" ind2="2">
    <subfield code="a">Arciconfraternita della SS. Concezione in S. Lorenzo in Damaso</subfield>
    <subfield code="c"> &lt;Roma&gt;</subfield>
    <subfield code="3">3266</subfield>
  </datafield>
  <datafield tag="712" ind1="0" ind2="0">
    <subfield code="a">Bartoli, Girolamo</subfield>
    <subfield code="3">IT\ICCU\CNCT\000017</subfield>
    <subfield code="4">650</subfield>
  </datafield>
  <datafield tag="791" ind1="0" ind2="2">
    <subfield code="a">Archiconfraternita della Concezione della Madonna in S. Lorenzo in Damaso</subfield>
    <subfield code="c"> &lt;Roma&gt;</subfield>
    <subfield code="3">IT\ICCU\CNCT\004155</subfield>
    <subfield code="z">Arciconfraternita della SS. Concezione in S. Lorenzo in Damaso &lt;Roma&gt;</subfield>
  </datafield>
  <datafield tag="791" ind1="0" ind2="2">
    <subfield code="a">Archiconfraternitas Conceptionis Gloriosissimae et Immaculatae Virginis Mariae SS.Laurentii et Damasi in Vrbe</subfield>
    <subfield code="3">IT\ICCU\CNCT\004156</subfield>
    <subfield code="z">Arciconfraternita della SS. Concezione in S. Lorenzo in Damaso &lt;Roma&gt;</subfield>
  </datafield>
  <datafield tag="791" ind1="0" ind2="2">
    <subfield code="a">Archiconfraternita della Concettione</subfield>
    <subfield code="c"> &lt;Roma&gt;</subfield>
    <subfield code="3">15422</subfield>
    <subfield code="z">Arciconfraternita della SS. Concezione in S. Lorenzo in Damaso &lt;Roma&gt;</subfield>
  </datafield>
  <datafield tag="791" ind1="0" ind2="0">
    <subfield code="a">Bartolus, Hieronymus</subfield>
    <subfield code="3">IT\ICCU\CNCT\004302</subfield>
    <subfield code="z">Bartoli, Girolamo</subfield>
  </datafield>
  <datafield tag="791" ind1="0" ind2="0">
    <subfield code="a">Bartoli, Gieronimo</subfield>
    <subfield code="3">IT\ICCU\CNCT\004303</subfield>
    <subfield code="z">Bartoli, Girolamo</subfield>
  </datafield>
  <datafield tag="801" ind1=" " ind2="3">
    <subfield code="a">IT</subfield>
    <subfield code="b">ICCU</subfield>
    <subfield code="c">20201114</subfield>
  </datafield>
  <datafield tag="899" ind1=" " ind2=" ">
    <subfield code="a">Biblioteca civica Carlo Bonetta. Pavia</subfield>
    <subfield code="1">PV0071</subfield>
    <subfield code="2">PAV 01</subfield>
  </datafield>
</record>
</collection>
